% This file was created with JabRef 2.7b.
% Encoding: UTF-8

@ARTICLE{andreev1999overview,
  author = {Andreev, K.},
  title = {Overview of the program Lexis 1.0},
  journal = {S. Heinzel and T. Plesser},
  year = {1999}
}

@ARTICLE{arthur1984some,
  author = {Arthur, W.B. and Vaupel, J.W.},
  title = {Some General Relationships in Population Dynamics},
  journal = {Population index},
  year = {1984},
  volume = {50},
  pages = {214--226},
  publisher = {Office of Population Research, Princeton University}
}

@ELECTRONIC{HFD2011,
  author = {{Human Fertility Database.}},
  month = {December},
  year = {2011},
  title = {{Max Planck Institute for Demographic Research (Germany) and Vienna
	Institute of Demography (Austria)}},
  url = {www.humanfertility.org},
  citeseerurl = {Available at www.humanfertility.org}
}

@CONFERENCE{ihaka2003colour,
  author = {R. Ihaka},
  title = {Colour for Presentation Graphics},
  booktitle = {Proceedings of the 3rd International Workshop on Distributed Statistical
	Computing Vienna Austria},
  year = {2003},
  editor = {K. Hornik and F. Leisch}
}

@ARTICLE{ihaka1996r,
  author = {Ross Ihaka and Robert Gentleman},
  title = {R: a language for data analysis and graphics},
  journal = {Journal of computational and graphical statistics},
  year = {1996},
  pages = {299--314},
  publisher = {JSTOR}
}

@MANUAL{colorspace2011,
  title = {{colorspace}: Color Space Manipulation},
  author = {Ross Ihaka and Paul Murrell and Kurt Hornik and Achim Zeileis},
  year = {2011},
  note = {R package version 1.1-0},
  url = {http://CRAN.R-project.org/package=colorspace}
}

@ARTICLE{ingram1984simplifying,
  author = {Ingram, David R},
  title = {Simplifying ternary diagrams},
  journal = {Area},
  year = {1984},
  volume = {16},
  pages = {175--180},
  owner = {triffe},
  publisher = {JSTOR},
  timestamp = {2014.07.31}
}

@ARTICLE{keiding2011age,
  author = {Keiding, N.},
  title = {Age--period--cohort analysis in the 1870s: Diagrams, stereograms,
	and the basic differential equation},
  journal = {Canadian Journal of Statistics},
  year = {2011},
  volume = {39},
  pages = {405--420},
  number = {3},
  publisher = {Wiley Online Library}
}

@ARTICLE{lewin1876rapport,
  author = {Lewin, J.},
  title = {Rapport sur la d{\'e}termination et le recueil des donn{\'e}es relatives
	aux tables de mortalit{\'e}},
  journal = {Programme de la neuvi{\`e}me session du Congr{\`e}s International
	de statistique {\`a} Budapest I},
  year = {1876},
  pages = {295--361}
}

@BOOK{lexis1875einleitung,
  title = {Einleitung in die Theorie der Bev{\"o}lkerungsstatistik},
  publisher = {KJ Tr{\"u}bner},
  year = {1875},
  author = {Lexis, W.H.R.A.}
}

@BOOK{MATLAB2010,
  title = {version 7.10.0 (R2010a)},
  publisher = {The MathWorks Inc.},
  year = {2010},
  author = {MATLAB},
  address = {Natick, Massachusetts}
}

@ARTICLE{perozzo1880della,
  author = {Perozzo, L.},
  title = {Della rappresentazione graphica di una collettivita di individui
	nella successione del tempo},
  journal = {Annali di Statistica},
  year = {1880},
  volume = {12},
  pages = {1--16}
}

@BOOK{sarkar2008lattice,
  title = {Lattice: Multivariate Data Visualization with R},
  publisher = {Springer},
  year = {2008},
  author = {Deepayan Sarkar},
  address = {New York},
  note = {ISBN 978-0-387-75968-5},
  url = {http://lmdvr.r-forge.r-project.org}
}

@ARTICLE{vandeschrick2001lexis,
  author = {Vandeschrick, C.},
  title = {The Lexis diagram, a misnomer},
  journal = {Demographic Research},
  year = {2001},
  volume = {4},
  pages = {97--124},
  number = {3},
  publisher = {Max Planck Institute for Demographic Research, Rostock, Germany}
}

@BOOK{vaupel1987thousands,
  title = {Thousands of Data at a Glance: Shaded Contour Maps of Demographic
	Surfaces},
  publisher = {International Institute for Applied Systems Analysis},
  year = {1987},
  author = {Vaupel, J.W. and Gambill, B.A. and Yashin, A.I.}
}

@ARTICLE{wilmoth2007methods,
  author = {Wilmoth, J.R. and Andreev, K. and Jdanov, D. and Glei, DA and Boe,
	C. and Bubenheim, M. and Philipov, D. and Shkolnikov, V. and Vachon,
	P.},
  title = {Methods protocol for the human mortality database},
  journal = {University of California, Berkeley, and Max Planck Institute for
	Demographic Research, Rostock},
  year = {2007}
}

@ARTICLE{zeileis2009escaping,
  author = {Zeileis, A. and Hornik, K. and Murrell, P.},
  title = {{Escaping RGBland: Selecting colors for statistical graphics}},
  journal = {Computational Statistics \& Data Analysis},
  year = {2009},
  volume = {53},
  pages = {3259--3270},
  number = {9},
  publisher = {Elsevier}
}

