@book{vaupel1987thousands,
  title={Thousands of Data at a Glance: Shaded Contour Maps of Demographic Surfaces},
  author={Vaupel, J.W. and Gambill, B.A. and Yashin, A.I.},
  year={1987},
  publisher={International Institute for Applied Systems Analysis}
}

@article{keiding2011age,
  title={Age--period--cohort analysis in the 1870s: Diagrams, stereograms, and the basic differential equation},
  author={Keiding, N.},
  journal={Canadian Journal of Statistics},
  volume={39},
  number={3},
  pages={405--420},
  year={2011},
  publisher={Wiley Online Library}
}

@article{vandeschrick2001lexis,
  title={The Lexis diagram, a misnomer},
  author={Vandeschrick, C.},
  journal={Demographic Research},
  volume={4},
  number={3},
  pages={97--124},
  year={2001},
  publisher={Max Planck Institute for Demographic Research, Rostock, Germany}
}

@article{andreev1999overview,
  title={Overview of the program Lexis 1.0},
  author={Andreev, K.},
  journal={S. Heinzel and T. Plesser},
  year={1999}
}

@Book{sarkar2008lattice,
    title = {Lattice: Multivariate Data Visualization with R},
    author = {Deepayan Sarkar},
    publisher = {Springer},
    address = {New York},
    year = {2008},
    note = {ISBN 978-0-387-75968-5},
    url = {http://lmdvr.r-forge.r-project.org},
}
  
@article{ihaka1996r,
  title={R: a language for data analysis and graphics},
  author={Ihaka, R. and Gentleman, R.},
  journal={Journal of computational and graphical statistics},
  pages={299--314},
  year={1996},
  publisher={JSTOR}
}

@article{wilmoth2007methods,
  title={Methods protocol for the human mortality database},
  author={Wilmoth, J.R. and Andreev, K. and Jdanov, D. and Glei, DA and Boe, C. and Bubenheim, M. and Philipov, D. and Shkolnikov, V. and Vachon, P.},
  journal={University of California, Berkeley, and Max Planck Institute for Demographic Research, Rostock. URL: http://mortality. org [version 31/05/2007]},
  year={2007}
}

@book{lexis1875einleitung,
  title={Einleitung in die Theorie der Bev{\"o}lkerungsstatistik...},
  author={Lexis, W.H.R.A.},
  year={1875},
  publisher={KJ Tr{\"u}bner}
}